@article{KHEDHER20213965,
title = {A multi-stage SEIR model to predict the potential of a new COVID-19 wave in KSA after lifting all travel restrictions},
journal = {Alexandria Engineering Journal},
volume = {60},
number = {4},
pages = {3965-3974},
year = {2021},
issn = {1110-0168},
doi = {https://doi.org/10.1016/j.aej.2021.02.058},
url = {https://www.sciencedirect.com/science/article/pii/S1110016821001460},
author = {Nidhal ben Khedher and Lioua Kolsi and Haitham Alsaif}
}

@incollection{brauer2019introduction,
  title={Introduction: A Prelude to Mathematical Epidemiology},
  author={Brauer, Fred and Castillo-Chavez, Carlos and Feng, Zhilan},
  booktitle={Mathematical Models in Epidemiology},
  pages={3--19},
  year={2019},
  publisher={Springer}
}

@online{WHO'stimelineofCOVID-19,
  author = {World Health Organization},
  title = {Timeline: WHO'S COVID-19 response},
  year ={2020},
  url = {https://www.who.int/emergencies/diseases/novel-coronavirus-2019/interactive-timeline#category-Information}
}

@misc{MATLAB,
    year = {2018},
    author = {MATLAB},
    title = {Generalized SEIR Epidemic Model (fitting and computation)},
    publisher = {The MathWorks Inc.},
    url={https://uk.mathworks.com/matlabcentral/fileexchange/74545-generalized-seir-epidemic-model-fitting-and-computation},
    address = {Natick, Massachusetts}
}

@article{breban2007theory,
  title={Theory versus data: how to calculate R0?},
  author={Breban, Romulus and Vardavas, Raffaele and Blower, Sally},
  journal={PLoS one},
  volume={2},
  number={3},
  pages={e282},
  year={2007},
  publisher={Public Library of Science San Francisco, USA}
}

@article{li2011failure,
  title={The failure of R 0},
  author={Li, Jing and Blakeley, Daniel and others},
  journal={Computational and mathematical methods in medicine},
  volume={2011},
  year={2011},
  publisher={Hindawi Limited}
}

@online{R0calculationBBC,
  author = {BBC},
  title = {Coronavirus: What is the R number and how is it calculated?},
  year ={2021},
  url = {https://www.bbc.co.uk/news/health-52473523}
}

@article{10.1093/cid/ciab746,
    author = {Xin, Hualei and Li, Yu and Wu, Peng and Li, Zhili and Lau, Eric H Y and Qin, Ying and Wang, Liping and Cowling, Benjamin J and Tsang, Tim K and Li, Zhongjie},
    title = "{Estimating the Latent Period of Coronavirus Disease 2019 (COVID-19)}",
    journal = {Clinical Infectious Diseases},
    year = {2021},
    month = {09},
    abstract = "{Using detailed exposure information on COVID-19 cases, we estimated the mean latent period to be 5.5 (95\\% CI: 5.1–5.9) days, shorter than the mean incubation period (6.9 days). Laboratory testing may allow shorter quarantines since 95\\% of COVID-19 cases shed virus within 10.6 (95\\% CI: 9.6–11.6) days of infection.}",
    issn = {1058-4838},
    doi = {10.1093/cid/ciab746},
    url = {https://doi.org/10.1093/cid/ciab746},
    note = {ciab746},
    eprint = {https://academic.oup.com/cid/advance-article-pdf/doi/10.1093/cid/ciab746/40835662/ciab746.pdf},
}

@online{spreadofCOVID-19,
  author = {World Health Organization},
  title = {Coronavirus disease (COVID-19): How is it transmitted?},
  year ={2021},
  url = {https://www.who.int/emergencies/diseases/novel-coronavirus-2019/question-and-answers-hub/q-a-detail/coronavirus-disease-covid-19-how-is-it-transmitted}
}



@online{DataSource,
  author = {Our World in Data},
  title = {Coronavirus},
  year ={2020-2022},
  url = {https://ourworldindata.org/coronavirus},
}



@article{vekaria2021hospital,
  title={Hospital length of stay for COVID-19 patients: Data-driven methods for forward planning},
  author={Vekaria, Bindu and Overton, Christopher and Wi{\'s}niowski, Arkadiusz and Ahmad, Shazaad and Aparicio-Castro, Andrea and Curran-Sebastian, Jacob and Eddleston, Jane and Hanley, Neil A and House, Thomas and Kim, Jihye and others},
  journal={BMC Infectious Diseases},
  volume={21},
  number={1},
  pages={1--15},
  year={2021},
  publisher={BioMed Central},
}




@online{MODEL,
  author = {Nadanomics, Youtube},
  title = {Model COVID-19 using MATLAB},
  year ={2020},
  url = {https://www.youtube.com/watch?v=nHON0v0AM40},
}




@online{AGE,
  author = {CDC: Centers for Disease Control and Prevention},
  title = {Risk for COVID-19 Infection, Hospitalization, and Death By Age Group},
  year ={2022},
  url = {https://www.cdc.gov/coronavirus/2019-ncov/covid-data/investigations-discovery/hospitalization-death-by-age.html},
}




@online{HBEDS,
  author = {BMA: British Medical Association},
  title = {NHS hospital beds data analysis},
  year ={2021},
  url = {https://www.bma.org.uk/advice-and-support/nhs-delivery-and-workforce/pressures/nhs-hospital-beds-data-analysis},
}

@article{he2020temporal,
  title={Temporal dynamics in viral shedding and transmissibility of COVID-19},
  author={He, Xi and Lau, Eric HY and Wu, Peng and Deng, Xilong and Wang, Jian and Hao, Xinxin and Lau, Yiu Chung and Wong, Jessica Y and Guan, Yujuan and Tan, Xinghua and others},
  journal={Nature medicine},
  volume={26},
  number={5},
  pages={672--675},
  year={2020},
  publisher={Nature Publishing Group}
}